<record><leader>00000cas a22000007a 4500</leader><controlfield tag="001">27126021</controlfield><controlfield tag="008">921215d18721873maudn ne      0    0eng d</controlfield><datafield ind1=" " ind2=" " tag="010"><subfield code="a">sn 92057045 </subfield></datafield><datafield ind1=" " ind2=" " tag="040"><subfield code="a">MGN</subfield><subfield code="b">eng</subfield><subfield code="c">MGN</subfield><subfield code="d">OCLCQ</subfield></datafield><datafield ind1=" " ind2=" " tag="042"><subfield code="a">msc</subfield></datafield><datafield ind1="0" ind2=" " tag="130"><subfield code="a">Boston times (Boston, Mass. : 1872)</subfield></datafield><datafield ind1="1" ind2="0" tag="245"><subfield code="a">Boston times.</subfield></datafield><datafield ind1=" " ind2=" " tag="260"><subfield code="a">Boston [Mass.] :</subfield><subfield code="b">Times Pub. Co.</subfield></datafield><datafield ind1=" " ind2=" " tag="300"><subfield code="a">v.</subfield></datafield><datafield ind1=" " ind2=" " tag="310"><subfield code="a">Daily (except Sun.)</subfield></datafield><datafield ind1="0" ind2=" " tag="362"><subfield code="a">Vol. 4, whole no. 950 (Oct. 1, 1872)-v. 4, whole no. 1091 (Mar. 17, 1873).</subfield></datafield><datafield ind1=" " ind2=" " tag="580"><subfield code="a">Weekly ed.: Boston times (Boston, Mass. : 1871).</subfield></datafield><datafield ind1=" " ind2=" " tag="752"><subfield code="a">United States</subfield><subfield code="b">Massachusetts</subfield><subfield code="c">Suffolk</subfield><subfield code="d">Boston.</subfield></datafield><datafield ind1="1" ind2=" " tag="775"><subfield code="t">Boston times (Boston, Mass. : 1871)</subfield><subfield code="w">(DLC)sn 83021562</subfield></datafield><datafield ind1="0" ind2="0" tag="780"><subfield code="t">Boston evening times (Boston, Mass. : 1869)</subfield><subfield code="w">(DLC)sn 83021563</subfield></datafield><datafield ind1="0" ind2="0" tag="785"><subfield code="t">Boston daily times (Boston, Mass. : 1873)</subfield><subfield code="w">(DLC)sn 86079128</subfield></datafield></record>